% Encoding: UTF-8

@Book{Boyer1980,
  title     = {Storia della matematica},
  publisher = {Arnoldo Mondadori editore},
  year      = {1980},
  author    = {Carl B. Boyer},
}

@Book{Derbyshire2011,
  title     = {Ignote quantit√†},
  publisher = {Bollati Boringhieri},
  year      = {2011},
  author    = {John Derbyshire},
  isbn      = {9788833921099},
 }

@Book{Gheverghese2000,
  title     = {C'era una volta un numero},
  publisher = {Mondolibri},
  year      = {2000},
  author    = {Joseph George Gheverghese},
}

@Book{Herstein1989,
  title     = {Algebra},
  publisher = {Editori Riuniti},
  year      = {1989},
  author    = {Israel Nathan Herstein},
  isbn      = {8835900166},
}

@Book{AyresJr1981,
  title     = {Algebra moderna},
  publisher = {ETAS Libri},
  year      = {1981},
  author    = {Frank Ayres Jr.},
  series    = {Schaum},
}

@Book{Kline1972,
  title     = {Storia del pensiero matematico},
  publisher = {Einaudi editore},
  year      = {1972},
  author    = {Morris Kline},
}

@Book{Lipschutz1980,
  title     = {Teoria degli insiemi},
  publisher = {ETAS Libri},
  year      = {1980},
  author    = {Seymour Lipschutz},
  series    = {Schaum},
}

@Book{Nahin2015,
  title     = {Il logico e l'Ingegnere},
  publisher = {Le Scienze},
  year      = {2015},
  author    = {Paul Nahin},
}

@Book{Reinhardt2004,
  title     = {Atlante di matematica},
  publisher = {Hoepli},
  year      = {2004},
  author    = {Fritz Reinhardt and Heinrich Soeder},
}

@Book{Runes1979,
  title     = {Dizionario di filossofia},
  publisher = {Arnoldo Mondadori editore},
  year      = {1979},
  author    = {Dagoberto D. Runes},
}

@Book{UTET1969,
  title     = {Dizionario di ingegneria},
  publisher = {UTET},
  year      = {1969},
  editor    = {Eligio Perucca},
  edition   = {Seconda edizione},
}

@Comment{jabref-meta: databaseType:bibtex;}

@Comment{jabref-meta: protectedFlag:true;}

@Comment{jabref-meta: saveOrderConfig:specified;author;false;year;false;abstract;false;}
